<?xml version="1.0" encoding="UTF-8"?><collection xmlns="http://www.loc.gov/MARC21/slim"><record><leader>00323nam--2200121-i-4500</leader><controlfield tag="001">000009308</controlfield><controlfield tag="002">20161230</controlfield><controlfield tag="005">20161230201028</controlfield><controlfield tag="008">060222s1000------------r-----000-0-eng-d</controlfield><datafield ind1=" " ind2=" " tag="245"><subfield code="a">Progress in physical organic chemistry</subfield></datafield><datafield ind1=" " ind2=" " tag="260"><subfield code="a">New York, Interscience Publ.,1963</subfield></datafield><datafield ind1=" " ind2=" " tag="490"><subfield code="a">Ix+411p</subfield></datafield><datafield ind1=" " ind2=" " tag="700"><subfield code="a">Cohen, S.G., Streitwieser, A</subfield></datafield></record></collection>